<?xml version="1.0" encoding="UTF-8"?><collection xmlns="http://www.loc.gov/MARC21/slim"><record><leader>00525nam--2200181-i-4500</leader><controlfield tag="001">000014982</controlfield><controlfield tag="002">20161230</controlfield><controlfield tag="005">20161230201031</controlfield><controlfield tag="008">060222s1000------------r-----000-0-eng-d</controlfield><datafield ind1=" " ind2=" " tag="040"><subfield code="a">IFIN-HH</subfield></datafield><datafield ind1=" " ind2=" " tag="080"><subfield code="a">537.32: 621.382</subfield></datafield><datafield ind1="1" ind2=" " tag="100"><subfield code="a">Altman, Manfred</subfield></datafield><datafield ind1="1" ind2="0" tag="245"><subfield code="a">Elements of solid state energy conversion</subfield><subfield code="c">Manfred altman</subfield></datafield><datafield ind1=" " ind2=" " tag="260"><subfield code="a">New York</subfield><subfield code="b">Van Nostrand Reinhold Company</subfield><subfield code="c">1969</subfield></datafield><datafield ind1=" " ind2=" " tag="300"><subfield code="a">X + 287 P</subfield></datafield><datafield ind1=" " ind2=" " tag="490"><subfield code="a">The University Series In Basic Engineering</subfield></datafield><datafield ind1=" " ind2=" " tag="852"><subfield code="a">76197</subfield><subfield code="c">539.2</subfield></datafield><datafield ind1=" " ind2=" " tag="CAT"><subfield code="a">Sys</subfield><subfield code="c">20121127</subfield><subfield code="h">120550</subfield></datafield></record></collection>